@book{ book:data-mining,
    title={Data Mining: Concepts and Techniques, 3ED},
    author={Jiawei Han and Micheline Kamber and Jian Pei},
    booktitle={Rendering Techniquesâ€™ 96},
    year={2013},
    isbn={978-9380931913},
    publisher={Morgan Kaufmann}
}
