@book{ book:data-mining,
    title={Data Mining: Concepts and Techniques, 3ED},
    author={Jiawei Han and Micheline Kamber and Jian Pei},
    year={2013},
    isbn={978-9380931913},
    publisher={Morgan Kaufmann}
}

@book{ book:pro-git,
    title={Pro Git},
    author={Scott Chacon and Ben Straub, 2nd Edition},
    year={2014},
    isbn={978-1484200773},
    publisher={Apress}
}
